@misc{Sand04,
title = {Demand-Controlled Ventilation Using CO2 Sensors},
author = {{Sand, James R.}},
year = 2004
}

@inproceedings{Nedevschi2009,
 author = {Nedevschi, Sergiu and Chandrashekar, Jaideep and Liu, Junda and Nordman, Bruce and Ratnasamy, Sylvia and Taft, Nina},
 title = {Skilled in the art of being idle: reducing energy waste in networked systems},
 booktitle = {NSDI'09},
 year = {2009},
} 


@article{Laurendeau2010,
 author = {Laurendeau, Christine and Barbeau, Michel},
 title = {Centroid localization of uncooperative nodes in wireless networks using a relative span weighting method},
 journal = {EURASIP},
 issue_date = {April 2010},
 volume = {2010},
 month = apr,
 year = {2010},
 issn = {1687-1472},
 pages = {6:1--6:10},
 articleno = {6},
 numpages = {10},
 url = {http://dx.doi.org/10.1155/2010/567040},
 doi = {10.1155/2010/567040},
 acmid = {1740703},
 publisher = {Hindawi Publishing Corp.},
 address = {New York, NY, United States},
} 

@inproceedings{Faria2006,
 author = {Faria, Daniel B. and Cheriton, David R.},
 title = {Detecting identity-based attacks in wireless networks using signalprints},
 booktitle = {WiSe '06},
 year = {2006},
 isbn = {1-59593-557-6},
 keywords = {IEEE 802.11., denial-of-service attacks, location-based services, security, wireless LANs},
} 

@misc{sun9,
author = {{Sun9}},
title = {{Sun9 Occupancy Counting Switch}},
year = {2012}
}

@inproceedings{Agarwal2010,
 author = {Agarwal, Yuvraj and Balaji, Bharathan and Gupta, Rajesh and Lyles, Jacob and Wei, Michael and Weng, Thomas},
 title = {Occupancy-driven energy management for smart building automation},
 booktitle = {BuildSys'10},
 year = {2010},
 isbn = {978-1-4503-0458-0},
 location = {Zurich, Switzerland},
 numpages = {6},
 keywords = {HVAC control system, occupancy detection system, wireless sensor network},
} 

@inproceedings{Lu2010,
 author = {Lu, Jiakang and Sookoor, Tamim and Srinivasan, Vijay and Gao, Ge and Holben, Brian and Stankovic, John and Field, Eric and Whitehouse, Kamin},
 title = {The smart thermostat: using occupancy sensors to save energy in homes},
 booktitle = {SenSys},
 year = {2010},
 isbn = {978-1-4503-0344-6},
 location = {Z\&\#252;rich, Switzerland},
 keywords = {building energy, home monitoring, programmable thermostats, wireless sensor networks},
} 



@inproceedings{Dickerson08,
 author = {Dickerson, Robert and Lu, Jiakang and Lu, Jian and Whitehouse, Kamin},
 title = {Stream feeds: an abstraction for the world wide sensor web},
 booktitle = {IOT'08},
 year = {2008},
 location = {Zurich, Switzerland},
} 


@inproceedings{liu_requirements_2012,
  title = {Requirements for A Formal Approach to Represent Information Exchange Requirements of a Self-managing Framework for {HVAC} Systems},
  booktitle = {ICCCBE},
  author = {Liu, Xuesong and Akinci, Burcu and Garrett, James H. and Berges, Mario},
  month = jul, year = {2012} }
  
@inproceedings{Schein06,
title = {A rule-based fault detection method for air handling units},
author = "Jeffrey Schein and Steven T. Bushby and Natascha S. Castro and John M. House",
year = "2006",
booktitle = "Energy and Buildings",
}

@inproceedings{Erickson11,
title = {{OBSERVE:} Occupancy-Based System for Efficient Reduction of HVAC Energy},
author = "Varick L. Erickson and Miguel ç. Carreira-Perpi–‡n and Alberto E.Cerpa",
year = "2011",
booktitle = "IPSN'11",
}

@misc{alc,
author = {{AutomatedLogic}},
title = {{ALC WebCTRL}},
year = {2012}
}

@misc{opc,
author = {{OPC Task Force}},
title = {{OPC} Common Definitions and Interfaces},
year = {1998}
}

@misc{lon,
author = {{Echelon Corporation}},
title = {{LonTalk} Protocol Specification},
year = {1994}
}

@misc{postgis,
key = {PostGIS},
title = {{PostGIS}},
howpublished = {http://www.postgis.org/}
}

@misc{IFC,
   author = {{ISO}},
   title = {{Industry Foundation Classes, Release 2x}},
   number = {{ISO 16739}},
   year = {{2005}},
}

@misc{haystack,
key = {Project Haystack},
title = {Project Haystack},
howpublished = {http://project-haystack.org/}
}

@inproceedings{bazjanac,
title = {{HVAC} Component Data Modeling Using Industry Foundation Classes},
author = "Vladimir Bazjanac and James Forester and Philip Haves and Darko Sucic and Peng Xu",
year = "2002",
booktitle = "System Simulation in Buildings",
}

@techreport{mills09,
title = "Building Commissioning: A Golden Opportunity for Reducing Energy Costs and Greenhouse-gas Emissions",
author = "Evan Mills",
year = "2009",
INSTITUTION = "California Energy Commission Public Interest Energy Research",
}

@misc{cbes99,
author = {{Energy Information Administration}},
title = {Commercial Buildings Energy Consumption Survey},
year = 1999,
}

@misc{buildingsdatabook,
author = {{U.S. Department of Energy}},
title = {2011 Buildings Energy Data Book},
year = 2012,
}

@inproceedings{lights,
title = "A Living Laboratory Study in Personalized Automated Lighting Controls",
author = "Andrew Krioukov and Stephen Dawson-Haggerty and Linda Lee and Omar Rehmane and David Culler",
year = "2011",
booktitle = " BuildSys'11",
}

@inproceedings{atscale,
title = "@scale: Insights from a Large, Long-Lived Appliance Energy WSN",
author = "Stephen Dawson-Haggerty and Steven Lanzisera and Jay Taneja and Richard Brown and David Culler",
year = "2012",
booktitle = " IPSN'12",
}

@inproceedings{hbci,
title = "HBCI: Human-Building-Computer Interaction",
author = "Jeff Hsu and Prashanth Mohan and Xiaofan Jiang and Jorge Ortiz and Sushant Shankar and Stephen Dawson-Haggerty and David Culler",
year = "2010",
booktitle = " BuildSys'10",
}


@inproceedings{acme,
title = "Design and Implementation of a High-Fidelity AC Metering Network",
author = "Xiaofan Jiang and Stephen Dawson-Haggerty and  Prabal Dutta and David Culler",
year = "2009",
booktitle = " IPSN'09",
}

@INPROCEEDINGS{Krishnakumar05,
author={Krishnakumar, A.S. and Krishnan, P.},
booktitle={CollaborateCom'05},
title={The theory and practice of signal strength-based location estimation},
year={2005},
}

@inproceedings{brager01,
title = "Operable windows, personal control and occupant comfort",
author = "Brager, G. and Paliaga, G and de Dear, R",
year = "2004",
booktitle = " ASHRAE",
}
@inproceedings{huizenga02,
title = " Air quality and thermal comfort in office buildings",
author = "Huizenga, C and Abbaszadeh, S and Zagreus, L and Arens, E",
year = "2006",
booktitle = "Healthy Buildings",
}
@misc{wbcsd03,
title = "Energy Efficiency in Buildings",
author = {{World Business Council For Sustainable Development}},
year = "2009",
}
@misc{phonegap,
author = {{PhoneGap}},
howpublished = {http://phonegap.com/},
year = 2012,
}
@misc{django,
author = {{Django Software Foundation}},
title = {Django},
howpublished = {https://www.djangoproject.com/},
year = 2012,
}
@misc{jquery,
author = {{The jQuery Project}},
title = {{jQuery} Mobile Framework},
howpublished = {http://jquerymobile.com/},
year = 2012,
}
@phdthesis{restful,
  author = {Roy Thomas Fielding},
  school = {University of California, Irvine},
  title = {{REST:} Architectural Styles and the Design of Network-based Software
	Architectures},
  year = 2000,
}
@misc{title24,
author = {{CA Energy Commission}},
title = {California's Energy Efficiency Standards for
Residential and Nonresidential Buildings},
year = 2008,
}
@inproceedings{smap,
 author = {Dawson-Haggerty, Stephen and Jiang, Xiaofan and Tolle, Gilman and Ortiz, Jorge and Culler, David},
 title = {sMAP: a simple measurement and actuation profile for physical information},
 booktitle = {SenSys '10},
 year = {2010},
 keywords = {instrumentation, sensor data},
} 
@misc{bacnet,
   author = {ASHRAE},
   title = {{ANSI/ASHRAE} Standard 135-1995, {BACnet}},
   year = {1995}
   }
@misc{energyplus,
   author = {EERE},
   title = {{EnergyPlus}},
   howpublished = {http://energyplus.gov},
   year = 1998,
   }